
@misc{hado,
  author = "hado",
  title = "Hado Official website",
  howpublished = "\url{https://hado-official.com/en/}",
}

@misc{meleap,
  author = "meleap inc.",
  title = "Meleap Official website",
  year = 2014,
  howpublished = "\url{http://meleap.com/about/?lang=en}",
}

@misc{microsoft-academy,
author = "Microsoft Corporation",
title = "Microsoft Mixed Reality Tutorials",
howpublished = "\url{https://docs.microsoft.com/en-us/windows/mixed-reality/academy}",
}

@misc{unity,
author = "Unity",
title = "Unity official website",
howpublished = "\url{https://unity3d.com/}",
}

@misc{vuforia,
author = "Vuforia",
title = "Vuforia official website",
howpublished = "\url{https://vuforia.com/}",
}

@misc{github-project,
author = "Dimitri Belopopsky, Adèle Colas, Emmanuel Courtoux, Matija Veljkovic",
title = "Code repository for AR Spells",
howpublished = "\url{https://github.com/makoto91/MixedRealityAndTangibles}"
}

@misc{pokemongo,
author = "Niantic, The Pokémon Company",
title = "Pokémon GO official website",
howpublished = "\url{https://www.pokemongo.com/en-us/}"
}

@misc{genesisaugmented,
author = "Genesis Augmented",
title = "Genesis augmented video game homepage",
howpublished = "\url{http://www.genesisaugmented.com/index.php}"
}

@misc{mixedtoolkit,
author = "Microsoft Corporation",
title = "Mixed Reality Toolkit",
howpublished = "\url{https://github.com/Microsoft/MixedRealityToolkit-Unity}"
}

@misc{drakerz,
author = "DRAKERZ-Confrontation",
title = "DRAKERZ-Confrontation Steam page",
howpublished = "\url{https://store.steampowered.com/app/266030/DRAKERZConfrontation/}"
}

@misc{roboraid,
author = "Microsoft Corporation",
title = "Roboraid",
howpublished = "\url{https://www.microsoft.com/en-us/p/roboraid/9nblggh5fv3j}"
}

@misc{warcraft,
author = "Blizzard Entertainment",
title = "Warcraft 3 official website",
howpublished = "\url{https://playwarcraft3.com/en-gb/}"
}

@misc{fusion360,
author = "Autodesk",
title = "Fusion360 official website",
howpublished = "\url{https://www.autodesk.com/products/fusion-360/students-teachers-educators}"
}

@misc{unityparticles,
author = "Unity",
title = "Unity Particle Pack 5.x ",
howpublished = "\url{https://assetstore.unity.com/packages/essentials/asset-packs/unity-particle-pack-5-x-73777}"
}

@misc{lightningbolts,
author = "Digital Ruby (Jeff Johnson)",
title = "Lightning Bolt Effect for Unity",
howpublished = "\url{https://assetstore.unity.com/packages/tools/particles-effects/lightning-bolt-effect-for-unity-59471}"}